@Misc{hdf5-url,
  author = 	 {{HDF Group}},
  title =	 {HDF5 Home Page},
  month =	 sep,
  year =	 2015,
  note =         {Version HDF5-1.8.15 Patch 1},
  url =          {https://www.hdfgroup.org/HDF5/}
}

@Misc{oracle-datatypes-url,
  author = 	 {Oracle},
  title =	 {Java Primitive Data Types},
  month =	 oct,
  year =	 2015,
  note =         {Version 8.0},
  url =          {https://docs.oracle.com/javase/tutorial/java/nutsandbolts/datatypes.html}
}

@Misc{octave-url,
  author = 	 {{GNU Octave}},
  title =	 {GNU Octave Home Page},
  month =	 sep,
  year =	 2015,
  note =         {Version 4.0.0},
  url =          {https://www.gnu.org/software/octave/}
}

@Misc{unidatafaq-url,
  author = 	 {Unidata Community},
  title =	 {NetCDF FAQ},
  month =	 sep,
  year =	 2015,
  note =         {},
  url =          {http://www.unidata.ucar.edu/software/netcdf/docs/faq.html}
}
